@software{ederer2024,
  title    = {Underwater {{Camera Project}}},
  author   = {Ederer, Thomas},
  date     = {2024},
  url      = {https://underwater-camera-project.github.io},
  urldate  = {2024-06-11},
  keywords = {codeRepository,master_thesis}
}

@report{eisler1998,
  type     = {Report},
  title    = {Copper Hazards to Fish, Wildlife and Invertebrates: A Synoptic Review},
  author   = {Eisler, Ronald},
  date     = {1998},
  number   = {Report 33 ; Biological Science Report USGS/BRD/BSR--1997-0002.},
  pages    = {103},
  location = {Laurel, MD},
  url      = {https://pubs.usgs.gov/publication/5200199},
  langid   = {english},
  keywords = {containsScientificReferences,master_thesis,referencesChecked,scientific},
  file     = {D:\FH\Zotero\storage\CLTCWSUY\Eisler - 1998 - Copper hazards to fish, wildlife and invertebrates.pdf}
}

@article{favaro2012,
  title        = {{{TrapCam}}: An Inexpensive Camera System for Studying Deep-Water Animals: {{{\emph{Inexpensive}}}}{\emph{ Tool for Deep-Water Observations}}},
  shorttitle   = {{{TrapCam}}},
  author       = {Favaro, Brett and Lichota, Corinna and Côté, Isabelle M. and Duff, Stefanie D.},
  date         = {2012-02},
  journaltitle = {Methods in Ecology and Evolution},
  volume       = {3},
  number       = {1},
  pages        = {39--46},
  issn         = {2041210X},
  doi          = {10.1111/j.2041-210X.2011.00128.x},
  url          = {https://onlinelibrary.wiley.com/doi/10.1111/j.2041-210X.2011.00128.x},
  urldate      = {2023-09-08},
  langid       = {english},
  keywords     = {containsScientificReferences,master_thesis,referencesChecked,scientific},
  file         = {D:\FH\Zotero\storage\CU9V8FHG\Favaro et al. - 2012 - TrapCam an inexpensive camera system for studying.pdf}
}

@book{zastrow2018,
  title     = {Rechenbuch Der {{Elektronik}}},
  author    = {Zastrow, Peter},
  date      = {2018-07-27},
  edition   = {2006},
  publisher = {Elektronik-Praktiker},
  isbn      = {978-3-947167-27-2},
  keywords  = {master_thesis}
}

@article{peffers2007,
  title        = {A {{Design Science Research Methodology}} for {{Information Systems Research}}},
  author       = {Peffers, Ken and Tuunanen, Tuure and Rothenberger, Marcus A. and Chatterjee, Samir},
  date         = {2007-12},
  journaltitle = {Journal of Management Information Systems},
  shortjournal = {Journal of Management Information Systems},
  volume       = {24},
  number       = {3},
  pages        = {45--77},
  issn         = {0742-1222, 1557-928X},
  doi          = {10.2753/MIS0742-1222240302},
  url          = {https://www.tandfonline.com/doi/full/10.2753/MIS0742-1222240302},
  urldate      = {2023-12-22},
  langid       = {english},
  keywords     = {containsScientificReferences,master_thesis,referencesChecked,scientific},
  file         = {D:\FH\Zotero\storage\GJWNIGF4\Peffers et al. - 2007 - A Design Science Research Methodology for Informat.pdf}
}

